
@article{christopoulou2017overview,
  title={Overview and comparative analysis of game engines for desktop and mobile devices},
  author={Christopoulou, Eleftheria and Xinogalos, Stelios},
  year={2017}
}
@article{barczak2019comparative,
  title={Comparative study on game engines},
  author={Barczak, Andrzej Marian and Wo{\'z}niak, Hubert},
  journal={Studia Informatica. Systems and Information Technology. Systemy i Technologie Informacyjne},
  number={1-2},
  year={2019}
}

@BOOK{GameEngineArchitecture,
  AUTHOR =      {Jason Gregory},
  authorfa = {جیسون گرگوری},
  TITLE =       {Game Engine Architecture},
  PUBLISHER =   {A K Peters/CRC Press},
  YEAR =        {2018},
  ISBN = 		{1138035459},
  EDITION = 	{3rd}
}

@MISC{WhatIsAGameEngine,
  AUTHOR =       {Jeff Ward},
  TITLE =        {What is a Game Engine?},
  howpublished = {},
  YEAR =         {2008},
  note = 		 {\url{https://www.gamecareerguide.com/features/529/what_is_a_game_.php}},
  language =     {}
}
 

@MISC{UnrealEngineWikiPedia,
  AUTHOR =       {},
  TITLE =        {Unreal Engine Wikipedia},
  howpublished = {},
  YEAR =         {},
  note = 		 {\url{https://en.wikipedia.org/wiki/Unreal_Engine}},
  language =     {}
}

@MISC{UnrealEngineArchitecture,
  AUTHOR =       {},
  TITLE =        {Unreal Engine Architecture},
  howpublished = {},
  YEAR =         {},
  note = 		 {\url{https://docs.unrealengine.com/4.27/en-US/ProgrammingAndScripting/ProgrammingWithCPP/UnrealArchitecture/}},
  language =     {}
}

@MISC{UnrealEngineComponents,
  AUTHOR =       {},
  TITLE =        {Unreal Engine Components},
  howpublished = {},
  YEAR =         {},
  note = 		 {\url{https://docs.unrealengine.com/4.27/en-US/ProgrammingAndScripting/ProgrammingWithCPP/UnrealArchitecture/Actors/Components/}},
  language =     {}
}

@MISC{UnrealEngineBlueprint,
  AUTHOR =       {},
  TITLE =        {Unreal Engine Components},
  howpublished = {},
  YEAR =         {},
  note = 		 {\url{https://docs.unrealengine.com/4.27/en-US/ProgrammingAndScripting/Blueprints/}},
  language =     {}
}

%%%%%%%%%%%%%%%%%%%%%%%%%%%%%%%%%%%%%%%%%%%%%%%%%%%%%%%%%%%%%%%%%%%%%%%5

